
% This file was created with JabRef 2.10.
% Encoding: UTF8


@inproceedings{CoxEtAl16,
  author    = {Anthony J. Cox and
               Andrea Farruggia and
               Travis Gagie and
               Simon J. Puglisi and
               Jouni Sir{\'{e}}n},
  title     = {{RLZAP:} Relative Lempel-Ziv with Adaptive Pointers},
  booktitle = {Proceedings of the 23rd Symposium on String Processing and Information Retrieval (SPIRE 2014)},  
  pages     = {1--14},
  year      = {2016}}

@inproceedings{Siren17,
  author    = {Jouni Sir{\'{e}}n},
  title     = {Indexing Variation Graphs},
  booktitle = {Proceedings of the 19th Workshop on Algorithm Engineering and Experiments (ALENEX 2017)},
  pages     = {13--27},
  year      = {2017},
}

@article{SVM14,
  author    = {Jouni Sir{\'{e}}n and
               Niko V{\"{a}}lim{\"{a}}ki and
               Veli M{\"{a}}kinen},
  title     = {Indexing Graphs for Path Queries with Applications in Genome Research},
  journal   = {ACM/IEEE Transactions on Computational Biology and Bioinformatics},
  volume    = {11},
  number    = {2},
  pages     = {375--388},
  year      = {2014}
}

@inproceedings{MaciucaEtAl16,
  title={A natural encoding of genetic variation in a {Burrows-Wheeler Transform} to enable mapping and genome inference},
  author={Maciuca, Sorina and del Ojo Elias, Carlos and McVean, Gil and Iqbal, Zamin},
  booktitle={Proceedings of the 16th Workshop on Algorithms in Bioinformatics (WABI 2016)},
  pages={222--233},
  year={2016}
}

@article{PatenEtAl17,
  title={Genome graphs and the evolution of genome inference},
  author={Paten, Benedict and Novak, Adam M and Eizenga, Jordan M and Garrison, Erik},
  journal={Genome Research},
  pages={gr--214155},
  year={2017},
  publisher={Cold Spring Harbor Lab}
}

@article{IqbalEtAl12,
  title={De novo assembly and genotyping of variants using colored {de Bruijn} graphs},
  author={Iqbal, Zamin and Caccamo, Mario and Turner, Isaac and Flicek, Paul and McVean, Gil},
  journal={Nature genetics},
  volume={44},
  number={2},
  pages={226--232},
  year={2012},
  publisher={Nature Research}
}

@article{NaEtAl17,
  author    = {Joong Chae Na and
               Hyunjoon Kim and
               Seunghwan Min and
               Heejin Park and
               Thierry Lecroq and
               Martine L{\'{e}}onard and
               Laurent Mouchard and
               Kunsoo Park},
  title     = {FM-index of Alignment with Gaps},
  journal   = {Theoretical Computer Science},
  note      = {To appear}
}










@article{NaKPLLMP16,
  author    = {J. C. Na and
               H. Kim and
               H. Park and
               T. Lecroq and
               M. L{\'{e}}onard and
               L. Mouchard and
               K. Park},
  title     = {{FM}-index of alignment: {A} compressed index for similar strings},
  journal   = {Theoretical Computer Science},
  volume    = {638},
  pages     = {159--170},
  year      = {2016},
}

@inproceedings{ NPLHLMP13,
  author    = {J. C. Na and H. Park and S. Lee and M. Hong and T. Lecroq and
               L. Mouchard and K. Park},
  title     = {Suffix Array of Alignment: {A} Practical Index for Similar Data},
  booktitle = {Proceedings of the 20th International Symposium on String Processing and
                Information Retrieval (SPIRE)},
  pages     = {243--254},
  year      = {2013},
  series = "LNCS 8214"
}

@inproceedings{ NPCHIMP13,
  author    = {J. C. Na and H. Park and M. Crochemore and J. Holub and
               C. S. Iliopoulos and L. Mouchard and K. Park},
  title     = {Suffix Tree of Alignment: An Efficient Index for Similar Data},
  booktitle = {Proceedings of the 24th International Workshop on Combinatorial Algorithms
                (IWOCA)},
  pages     = {337--348},
  year      = {2013},
  series = "LNCS 8288"
}

@article { KBSCZ12,
        AUTHOR = "S. Kuruppu and B. Beresford-Smith and T. C. Conway and
                  J. Zobel",
        TITLE = "Iterative dictionary construction for compression of large
                 {DNA} data sets",
        JOURNAL = "IEEE/ACM Transactions on Computational Biology and
                   Bioinformatics",
        VOLUME = 9,
        PAGES = "137--149",
        YEAR = 2012,
        }

@inproceedings { BCGPR15,
        author = {D. Belazzougui and F. Cunial and T. Gagie and N. Prezza and
                M. Raffinot},
        title = {Composite repetition-aware data structures},
        booktitle = {Proceedings of the 26th Annual Symposium on Combinatorial Pattern
                Matching (CPM)},
        YEAR = 2015,
        PAGES = "26--39",
        SERIES = "LNCS 9133"
        }

@PHDTHESIS { Ock15,
        AUTHOR = "C. Ocker",
        TITLE = "Engineering Fully-Compressed Suffix Trees",
        SCHOOL = "Karlsruhe Institute of Technology, Germany",
        YEAR = 2015,
        TYPE = "{M.Sc.\ thesis}"
        }

@Article{Abeliuk2013,
  Title                    = {Practical Compressed Suffix Trees},
  Author                   = {A. Abeliuk and R. Cánovas and G.  Navarro},
  Journal                  = {Algorithms},
  Year                     = {2013},
  Number                   = {2},
  Pages                    = {319-351},
  Volume                   = {6},

  Doi                      = {10.3390/a6020319},
  File                     = {Abeliuk2013.pdf:jltsiren/Abeliuk2013.pdf:PDF},
  Owner                    = {jltsiren},
  Timestamp                = {2015.04.27}
}

@Article{Abouelhoda2004,
  Title                    = {Replacing suffix trees with enhanced suffix
arrays},
  Author                   = {M. I. Abouelhoda and S. Kurtz and
E. Ohlebusch},
  Journal                  = {Journal of Discrete Algorithms},
  Year                     = {2004},
  Number                   = {1},
  Pages                    = {53-86},
  Volume                   = {2},

  Doi                      = {10.1016/S1570-8667(03)00065-0},
  File                     = {Abouelhoda2004.pdf:jltsiren/Abouelhoda2004.pdf:PDF},
  Owner                    = {jltsiren},
  Timestamp                = {2009.04.30}
}

@InProceedings{Belazzougui2014,
  Title                    = {Relative {FM}-indexes},
  Author                   = {D. Belazzougui and T. Gagie and S.
Gog and G. Manzini and J. Sirén},
  Booktitle                = {Proceedings of the 21st Symposium on String
Processing and Information Retrieval (SPIRE)},
  Year                     = {2014},
  Pages                    = {52-64},
  !Publisher                = {Springer},
  Series                   = {LNCS 8799},
}

@Article{BLRSRW15,
  Title                    = {Random Access to Grammar-Compressed Strings and Trees},
  Author                   = {P. Bille and
 G. M. Landau and
 R. Raman and
 K. Sadakane and
 S. S. Rao and
 O. Weimann},
  Journal                  = {SIAM Journal on Computing},
  Year                     = {2015},
  Number                   = {3},
  Pages                    = {513--539},
  Volume                   = {44}
}

@inproceedings{Boucher2015,
  author    = {C. Boucher and A. Bowe and T. Gagie and G. Manzini and
               J. Sir{\'{e}}n},
  title     = {Relative Select},
  Booktitle                = {Proceedings of the 22nd Symposium on String
Processing and Information Retrieval (SPIRE)},
  pages     = {149--155},
  year      = {2015},
  series = "LNCS 9309"
}

@ARTICLE
        { Brisaboa2009,
          TITLE = "{DACs}: Bringing Direct Access to Variable-Length Codes",
          AUTHOR = "N. R. Brisaboa and S. Ladra and G. Navarro",
          JOURNAL = "Information Processing and Management",
          VOLUME = 49,
          NUMBER = 1,
          PAGES = "392--404",
          YEAR = 2013
        }

@TechReport{Burrows1994,
  Title                    = {A block sorting lossless data compression
algorithm},
  Author                   = {Burrows, M. and Wheeler, D. J.},
  Institution              = {Digital Equipment Corporation},
  Year                     = {1994},
  Number                   = {124},

  File                     = {Burrows1994.pdf:jltsiren/Burrows1994.pdf:PDF},
  Owner                    = {jltsiren},
  Timestamp                = {2009.04.29},
  Url                      = {http://www.hpl.hp.com/techreports/Compaq-DEC/SRC-RR-124.html}
}

@Article{Chang1994,
  Title                    = {Sublinear Approximate String Matching and
Biological Applications},
  Author                   = {W. I. Chang and E. L. Lawler},
  Journal                  = {Algorithmica},
  Year                     = {1994},
  Number                   = {4-5},
  Pages                    = {327-344},
  Volume                   = {12},

  Doi                      = {10.1007/BF01185431},
  File                     = {Chang1994.pdf:jltsiren/Chang1994.pdf:PDF},
  Owner                    = {jltsiren},
  Timestamp                = {2015.07.06}
}

@Article{CLLPPSS05,
  Title                    = {The smallest grammar problem},
  Author                   = {M. Charikar and E. Lehman and D. Liu and R. Panigrahy and
 M. Prabhakaran and A. Sahai and A. Shelat},
  Journal                  = {IEEE Transactions on Information Theory},
  Year                     = {2005},
  Number                   = {7},
  Pages                    = {2554--2576},
  Volume                   = {51}
}

@Article{DG11,
  Title                    = {Robust relative compression of genomes with random access},
  Author                   = {S. Deorowicz and S. Grabowski},
  Journal                  = {Bioinformatics},
  Year                     = {2011},
  Pages                    = {2979--2986},
  Volume                   = {27}
}

@Article{DJSS14,
  Title                    = {Fast relative {Lempel-Ziv} self-index for similar sequences },
  Author                   = {H. H. Do and J. Jansson and K. Sadakane and W.-K. Sung},
  Journal                  = {Theoretical Computer Science },
  Year                     = {2014},
  Pages                    = {14--30},
  Volume                   = {532}
}

@InProceedings{Ferrada2014,
  Title                    = {Relative {L}empel-{Z}iv with Constant-Time
Random Access},
  Author                   = {H. Ferrada and T. Gagie and S. Gog
and S. J. Puglisi},
  Booktitle                = {Proceedings of the 21st Symposium on String
Processing and Information Retrieval (SPIRE)},
  Year                     = {2014},
  Pages                    = {13-17},
  !Publisher                = {Springer},
  Series                   = {LNCS 8799},

  Doi                      = {10.1007/978-3-319-11918-2_2},
  File                     = {Ferrada2014.pdf:jltsiren/Ferrada2014.pdf:PDF},
  Owner                    = {jltsiren},
  Timestamp                = {2014.10.02}
}

@Article{Ferragina2009a,
  Title                    = {Compressed text indexes: From theory to
practice},
  Author                   = {Ferragina, P. and González, R. and
Navarro, G. and Venturini, R.},
  Journal                  = {ACM Journal of Experimental Algorithmics},
  Year                     = {2009},
  Pages                    = {1.12},
  Volume                   = {13},

  Doi                      = {http://doi.acm.org/10.1145/1412228.1455268},
  File                     = {Ferragina2009a.pdf:jltsiren/Ferragina2009a.pdf:PDF},
  Owner                    = {jltsiren},
  Timestamp                = {2009.02.03}
}

@Article{Ferragina2005a,
  Title                    = {Indexing compressed text},
  Author                   = {Ferragina, P. and Manzini, G.},
  Journal                  = {Journal of the ACM},
  Year                     = {2005},
  Number                   = {4},
  Pages                    = {552-581},
  Volume                   = {52},

  Doi                      = {10.1145/1082036.1082039},
  File                     = {Ferragina2005a.pdf:jltsiren/Ferragina2005a.pdf:PDF},
  Owner                    = {jltsiren},
  Timestamp                = {2009.04.30}
}

@Article{Ferragina2007a,
  Title                    = {Compressed representations of sequences and
full-text indexes},
  Author                   = {Ferragina, P. and Manzini, G. and
Mäkinen, V. and Navarro, G.},
  Journal                  = {ACM Transactions on Algorithms},
  Year                     = {2007},
  Number                   = {2},
  Pages                    = {20},
  Volume                   = {3},

  Doi                      = {10.1145/1240233.1240243},
  File                     = {Ferragina2007a.pdf:jltsiren/Ferragina2007a.pdf:PDF},
  Owner                    = {jltsiren},
  Timestamp                = {2010.12.29}
}

@article {Fis10,
        author = "J. Fischer",
        title = "Wee {LCP}",
        journal = "Information Processing Letters",
        volume = 110,
        year = 2010,
        pages = "317--320"
        }

@Article{Fischer2009a,
  Title                    = {Faster entropy-bounded compressed suffix trees},
  Author                   = {Fischer, J. and Mäkinen, V. and Navarro,
G.},
  Journal                  = {Theoretical Computer Science},
  Year                     = {2009},
  Number                   = {51},
  Pages                    = {5354-5364},
  Volume                   = {410},

  Doi                      = {10.1016/j.tcs.2009.09.012},
  File                     = {Fischer2009a.pdf:jltsiren/Fischer2009a.pdf:PDF},
  Owner                    = {jltsiren},
  Timestamp                = {2010.03.10}
}

@InProceedings{GGKNP14,
  Title                    = {{LZ77}-Based Self-indexing with Faster Pattern Matching},
  Author                   = {T. Gagie and P. Gawrychowski and J. K{\"{a}}rkk{\"{a}}inen and
 Y. Nekrich and S. J. Puglisi},
  Booktitle                = {Proceedings of the 11th Latin American Theoretical Informatics Symposium (LATIN)},
  Year                     = {2014},
  Pages                    = {731--742},
  Series                   = {LNCS 8392}
}

@InProceedings{GGKNP12,
  Title                    = {A Faster Grammar-Based Self-index},
  Author                   = {T. Gagie and P. Gawrychowski and J. K{\"{a}}rkk{\"{a}}inen and
 Y. Nekrich and S. J. Puglisi},
  Booktitle                = {Proceedings of the 6th International Conference on Language and Automata
 Theory and Applications (LATA)},
  Year                     = {2012},
  Pages                    = {240--251},
  Series                   = {LNCS 7183}
}

@Article{GP15,
  Title                    = {Searching and Indexing Genomic Databases via Kernelization},
  Author                   = {T. Gagie and S. J. Puglisi},
  Journal                  = {Frontiers in Bioengineering and Biotechnology},
  Year                     = {2015},
  Number                   = {12},
  Volume                   = {3}
}

@PhdThesis{Gog2011a,
  Title                    = {Compressed Suffix Trees: Design, Construction,
and Applications},
  Author                   = {S. Gog},
  School                   = {Ulm University},
  Year                     = {2011},

  File                     = {Gog2011a.pdf:jltsiren/Gog2011a.pdf:PDF},
  Owner                    = {jltsiren},
  Timestamp                = {2015.04.27}
}

@InProceedings{Gog2014b,
  Title                    = {From Theory to Practice: Plug and Play with
Succinct Data Structures},
  Author                   = {S. Gog and T. Beller and A. Moffat
and M. Petri},
  Booktitle                = {Proceedings of the 13th International Symposium
on Experimental Algorithms (SEA)},
  Year                     = {2014},
  Pages                    = {326-337},
  !Publisher                = {Springer},
  Series                   = {LNCS 8504},

  Doi                      = {10.1007/978-3-319-07959-2_28},
  Owner                    = {jltsiren},
  Timestamp                = {2014.05.03}
}

@InProceedings{Grossi2003,
  Title                    = {High-order entropy-compressed text indexes},
  Author                   = {Grossi, R. and Gupta, A. and Vitter,
J. S.},
  Booktitle                = {Proceedings of the 14th Annual ACM-SIAM
Symposium on Discrete algorithms (SODA)},
  Year                     = {2003},
  Pages                    = {841-850},
  !Publisher                = {SIAM},

  File                     = {Grossi2003.pdf:jltsiren/Grossi2003.pdf:PDF},
  Owner                    = {jltsiren},
  Timestamp                = {2010.12.29}
}

@Article{Grossi2005,
  Title                    = {Compressed Suffix Arrays and Suffix Trees with
Applications to Text Indexing and String Matching},
  Author                   = {Grossi, R. and Vitter, J. S.},
  Journal                  = {SIAM Journal on Computing},
  Year                     = {2005},
  Number                   = {2},
  Pages                    = {378-407},
  Volume                   = {35},

  Doi                      = {10.1137/S0097539702402354},
  File                     = {Grossi2005.pdf:jltsiren/Grossi2005.pdf:PDF},
  Owner                    = {jltsiren},
  Timestamp                = {2009.04.26}
}

@Book{Gus97,
  Title                    = {Algorithms on Strings, Trees and Sequences: Computer
 Science and Computational Biology},
  Author                   = {D. Gusfield},
  Publisher                = {Cambridge University Press},
  Year                     = {1997}
}

@InProceedings{Kaerkkaeinen2011,
  Title                    = {Fixed Block Compression Boosting in
{FM}-Indexes},
  Author                   = {J. Kärkkäinen and S. J. Puglisi},
  Booktitle                = {Proceedings of the 18th Symposium on String
Processing and Information Retrieval (SPIRE)},
  Year                     = {2011},
  Pages                    = {174-184},
  !Publisher                = {Springer},
  Series                   = {LNCS 7024},

  Doi                      = {10.1007/978-3-642-24583-1_18},
  File                     = {Kaerkkaeinen2011.pdf:jltsiren/Kaerkkaeinen2011.pdf:PDF},
  Owner                    = {jltsiren},
  Timestamp                = {2011.10.08}
}

@Article{KY00,
  Title                    = {Grammar-based codes: {A} new class of universal lossless source codes},
  Author                   = {J. C. Kieffer and E.-H. Yang},
  Journal                  = {IEEE Transactions on Information Theory},
  Year                     = {2000},
  Number                   = {3},
  Pages                    = {737--754},
  Volume                   = {46}
}

@Article{KN13,
  Title                    = {On Compressing and Indexing Repetitive Sequences},
  Author                   = {S. Kreft and G. Navarro},
  Journal                  = {Theoretical Computer Science},
  Year                     = {2013},
  Pages                    = {115--133},
  Volume                   = {483}
}

@Article{Kurtz1999,
  Title                    = {Reducing the space requirement of suffix trees},
  Author                   = {Kurtz, Stefan},
  Journal                  = {Software: Practice and Experience},
  Year                     = {1999},
  Number                   = {13},
  Pages                    = {1149-1171},
  Volume                   = {29},

  Doi                      = {10.1002/(SICI)1097-024X(199911)29:13<1149::AID-SPE274>3.0.CO;2-O},
  File                     = {Kurtz1999.pdf:jltsiren/Kurtz1999.pdf:PDF},
  Owner                    = {jltsiren},
  Timestamp                = {2010.01.10}
}

@InProceedings{KPZ11,
  Title                    = {Reference Sequence Construction for Relative Compression of Genomes},
  Author                   = {S. Kuruppu and
 S. J. Puglisi and
 J. Zobel},
  Booktitle                = {Proceedings of the 18th International Symposium on String Processing and Information Retrieval (SPIRE)},
  Year                     = {2011},
  Pages                    = {420--425},
  Series                   = {LNCS 7024}
}

@InProceedings{Kuruppu2010,
  Title                    = {Relative {L}empel-{Z}iv Compression of Genomes
for Large-Scale Storage and Retrieval},
  Author                   = {K., Shanika and Puglisi, S. J. and
Z., Justin},
  Booktitle                = {Proceedings of the 17th Symposium on String
Processing and Information Retrieval (SPIRE)},
  Year                     = {2010},
  Pages                    = {201-206},
  !Publisher                = {Springer},
  Series                   = {LNCS 6393},

  Doi                      = {10.1007/978-3-642-16321-0_20},
  File                     = {Kuruppu2010.pdf:jltsiren/Kuruppu2010.pdf:PDF},
  Owner                    = {jltsiren},
  Timestamp                = {2010.10.19}
}

@Book{MBCT15,
  Title                    = {Genome-Scale Algorithm Design},
  Author                   = {V. M{\"a}kinen and D. Belazzougui and F. Cunial and A. I. Tomescu},
  Publisher                = {Cambridge University Press},
  Year                     = {2015}
}

@Article{Maekinen2005,
  Title                    = {Succinct suffix arrays based on run-length
encoding},
  Author                   = {Mäkinen, V. and Navarro, G.},
  Journal                  = {Nordic Journal of Computing},
  Year                     = {2005},
  Number                   = {1},
  Pages                    = {40-66},
  Volume                   = {12},

  File                     = {Maekinen2005.ps:jltsiren/Maekinen2005.ps:PostScript},
  Owner                    = {jltsiren},
  Timestamp                = {2007.12.03}
}

@Article{Manber1993,
  Title                    = {Suffix Arrays: A New Method for On-Line String
Searches},
  Author                   = {Udi Manber and Gene Myers},
  Journal                  = {SIAM Journal on Computing},
  Year                     = {1993},
  Number                   = {5},
  Pages                    = {935-948},
  Volume                   = {22},

  Doi                      = {10.1137/0222058},
  File                     = {Manber1993.pdf:jltsiren/Manber1993.pdf:PDF},
  Owner                    = {jltsiren},
  Timestamp                = {2011.03.02}
}

@ARTICLE{
        Navarro2015,
        AUTHOR = "G. Navarro and A. Ord{\'o\~n}ez",
        TITLE = "Faster Compressed Suffix Trees for Repetitive Text Collections",
        JOURNAL = "ACM Journal of Experimental Algorithmics",
        VOLUME = 21,
        NUMBER = 1,
        PAGES = "article 1.8",
        YEAR = "2016",
    }

@InProceedings{Navarro2014a,
  Title                    = {Fast Fully-Compressed Suffix Trees},
  Author                   = {G. Navarro and L.M.S. Russo},
  Booktitle                = {Proceedings of the Data Compression
Conference (DCC)},
  Year                     = {2014},
  Pages                    = {283-291},
  !Publisher                = {IEEE},

  Doi                      = {10.1109/DCC.2014.40},
  File                     = {Navarro2014a.pdf:jltsiren/Navarro2014a.pdf:PDF},
  Owner                    = {jltsiren},
  Timestamp                = {2014.06.12}
}

@Book{Ohl13,
  Title                    = {Bioinformatics Algorithms: Sequence Analysis, Genome Rearrangements,
 and Phylogenetic Reconstruction},
  Author                   = {E. Ohlebusch},
  Publisher                = {Oldenbusch Verlag},
  Year                     = {2013}
}

@InProceedings{Ohlebusch2010,
  Title                    = {{CST++}},
  Author                   = {Ohlebusch, E. and Fischer, J. and Gog, S.},
  Booktitle                = {Proceedings of the 17th Symposium on String
Processing and Information Retrieval (SPIRE)},
  Year                     = {2010},
  Pages                    = {322-333},
  !Publisher                = {Springer},
  Series                   = {LNCS 6393},

  Doi                      = {10.1007/978-3-642-16321-0_34},
  File                     = {Ohlebusch2010.pdf:jltsiren/Ohlebusch2010.pdf:PDF},
  Owner                    = {jltsiren},
  Timestamp                = {2010.10.19}
}

@article{ GO13b,
  author    = {S. Gog and E. Ohlebusch},
  title     = {Compressed suffix trees: Efficient computation and storage of LCP-values},
  journal   = {ACM Journal of Experimental Algorithmics},
  volume    = {18},
  year      = {2013},
  pages = "article 2.1"
}

@InProceedings{Ohlebusch2009,
  Title                    = {A Compressed Enhanced Suffix Array Supporting
Fast String Matching},
  Author                   = {Ohlebusch, E. and Gog, S.},
  Booktitle                = {Proceedings of the 16th Symposium on String
Processing and Information Retrieval (SPIRE)},
  Year                     = {2009},
  Pages                    = {51-62},
  !Publisher                = {Springer},
  Series                   = {LNCS 5721},

  Doi                      = {10.1007/978-3-642-03784-9_6},
  File                     = {Ohlebusch2009.pdf:jltsiren/Ohlebusch2009.pdf:PDF},
  Owner                    = {jltsiren},
  Timestamp                = {2011.05.27}
}

@InProceedings{Ohlebusch2010a,
  Title                    = {Computing Matching Statistics and Maximal Exact
Matches on Compressed Full-Text Indexes},
  Author                   = {E. Ohlebusch and S. Gog and A. Kügel},
  Booktitle                = {Proceedings of the 17th Symposium on String
Processing and Information Retrieval (SPIRE)},
  Year                     = {2010},
  Pages                    = {347-358},
  !Publisher                = {Springer},
  Series                   = {LNCS 6393},

  Doi                      = {10.1007/978-3-642-16321-0_36},
  File                     = {Ohlebusch2010a.pdf:jltsiren/Ohlebusch2010a.pdf:PDF},
  Owner                    = {jltsiren},
  Timestamp                = {2015.05.05}
}

@InProceedings{Okanohara2007,
  Title                    = {Practical Entropy-Compressed Rank/Select
Dictionary},
  Author                   = {Okanohara, D. and Sadakane, K.},
  Booktitle                = {Proceedings of the 9th Workshop on Algorithm
Engineering and Experiments (ALENEX)},
  Year                     = {2007},
  Pages                    = {60-70},
  !Publisher                = {SIAM},

  File                     = {Okanohara2007.pdf:jltsiren/Okanohara2007.pdf:PDF},
  Owner                    = {jltsiren},
  Timestamp                = {2010.07.05},
  Url                      = {http://www.siam.org/proceedings/alenex/2007/alenex07.php}
}

@Article{Raman2007,
  Title                    = {Succinct indexable dictionaries with
applications to encoding $k$-ary trees, prefix sums and multisets},
  Author                   = {R. Raman and V. Raman and S.
Rao Satti},
  Journal                  = {ACM Transactions on Algorithms},
  Year                     = {2007},
  Number                   = {4},
  Pages                    = {43},
  Volume                   = {3},

  Doi                      = {10.1145/1290672.1290680},
  File                     = {Raman2007.pdf:jltsiren/Raman2007.pdf:PDF},
  Owner                    = {jltsiren},
  Timestamp                = {2014.05.03}
}

@Article{Rozowsky2011,
  Title                    = {{AlleleSeq}: analysis of allele-specific
expression and binding in a network framework},
  Author                   = {J. Rozowsky and A. Abyzov and J. Wang
and P. Alves and D. Raha and A. Harmanci and J. Leng and R.
Bjornson and Y. Kong and N. Kitabayashi and N. Bhardwaj and M. Rubin
and M. Snyder and M. Gerstein},
  Journal                  = {Molecular Systems Biology},
  Year                     = {2011},
  Number                   = {1},
  Pages                    = {522},
  Volume                   = {7},

  Doi                      = {10.1038/msb.2011.54},
  File                     = {Rozowsky2011.pdf:jltsiren/Rozowsky2011.pdf:PDF},
  Owner                    = {jltsiren},
  Timestamp                = {2015.05.03}
}

@Article{Russo2011,
  Title                    = {Fully compressed suffix trees},
  Author                   = {L.M.S. Russo and G. Navarro and A. L. Oliveira},
  Journal                  = {ACM Transactions on Algorithms},
  Year                     = {2011},
  Number                   = {4},
  Pages                    = {4},
  Volume                   = {7},

  Doi                      = {10.1145/2000807.2000821},
  File                     = {Russo2011.pdf:jltsiren/Russo2011.pdf:PDF},
  Owner                    = {jltsiren},
  Timestamp                = {2015.04.27}
}

@Article{Sadakane2007,
  Title                    = {Compressed Suffix Trees with Full
Functionality},
  Author                   = {K. Sadakane},
  Journal                  = {Theory of Computing Systems},
  Year                     = {2007},
  Number                   = {4},
  Pages                    = {589-607},
  Volume                   = {41},

  Doi                      = {10.1007/s00224-006-1198-x},
  File                     = {Sadakane2007.pdf:jltsiren/Sadakane2007.pdf:PDF},
  Owner                    = {jltsiren},
  Timestamp                = {2009.09.09}
}

@Article{Sadakane2003,
  Title                    = {New text indexing functionalities of the
compressed suffix arrays},
  Author                   = {Sadakane, K.},
  Journal                  = {Journal of Algorithms},
  Year                     = {2003},
  Pages                    = {294-313},
  Volume                   = {48},

  Doi                      = {10.1016/S0196-6774(03)00087-7},
  File                     = {Sadakane2003.pdf:jltsiren/Sadakane2003.pdf:PDF},
  Owner                    = {jltsiren},
  Timestamp                = {2009.10.01}
}

@InProceedings{Siren2009,
  Title                    = {Compressed Suffix Arrays for Massive Data},
  Author                   = {Sirén, J.},
  Booktitle                = {Proceedings of the 16th Symposium on String
Processing and Information Retrieval (SPIRE)},
  Year                     = {2009},
  Pages                    = {63-74},
  !Publisher                = {Springer},
  Series                   = {LNCS 5721},

  Doi                      = {10.1007/978-3-642-03784-9_7},
  File                     = {Siren2009.pdf:jltsiren/Siren2009.pdf:PDF},
  Owner                    = {jltsiren},
  Timestamp                = {2009.08.25}
}

@ARTICLE{1000GP2015,
  author = {{The 1000 Genomes Project Consortium}},
  title = {A global reference for human genetic variation},
  journal = {Nature},
  year = {2015},
  volume = {526},
  pages = {68-64},
  doi = {10.1038/nature15393},
  owner = {jltsiren},
  timestamp = {2015.10.08}
}

@InProceedings{Weiner1973,
  Title                    = {Linear pattern matching algorithms},
  Author                   = {Weiner, P.},
  Booktitle                = {Proceedings of the 14th Annual IEEE Symposium on
Switching and Automata Theory (FOCS 1973)},
  Year                     = {1973},
  Pages                    = {1-11},
  !Publisher                = {IEEE},

  Doi                      = {10.1109/SWAT.1973.13},
  File                     = {Weiner1973.pdf:jltsiren/Weiner1973.pdf:PDF},
  Owner                    = {jltsiren},
  Timestamp                = {2011.03.02}
}

@Article{ZL77,
  Title                    = {A universal algorithm for sequential data compression},
  Author                   = {J. Ziv and A. Lempel},
  Journal                  = {IEEE Transactions on Information Theory},
  Year                     = {1977},
  Number                   = {3},
  Pages                    = {337--343},
  Volume                   = {23}
}

