
@article { DG11,
        AUTHOR = "S. Deorowicz and S. Grabowski",
        TITLE = "Robust relative compression of genomes with random access",
        JOURNAL = "Bioinformatics",
        VOLUME = 27,
        PAGES = "2979--2986",
        YEAR = 2011,
        }

@article{ DJSS14,
author = "H. H. Do and J. Jansson and K. Sadakane and W.-K. Sung",
title = "Fast relative {Lempel-Ziv} self-index for similar sequences ",
journal = "Theoretical Computer Science ",
volume = "532",
pages = "14--30",
year = "2014",
}

@inproceedings{ KPZ11,
  author    = {S. Kuruppu and
               S. J. Puglisi and
               J. Zobel},
  title     = {Reference Sequence Construction for Relative Compression of Genomes},
        booktitle = "Proc. 18th International Symposium on String Processing and Information Retrieval (SPIRE)",
  pages     = {420--425},
  year      = {2011},
  series = "LNCS 7024"
}

@inproceedings{ GGKNP12,
  author    = {T. Gagie and P. Gawrychowski and J. K{\"{a}}rkk{\"{a}}inen and
               Y. Nekrich and S. J. Puglisi},
  title     = {A Faster Grammar-Based Self-index},
  booktitle = {Proc. 6th International Conference on Language and Automata
               Theory and Applications (LATA)},
  pages     = {240--251},
  year      = {2012},
  series = "LNCS 7183"
}
  
@inproceedings{ GGKNP14,
  author    = {T. Gagie and P. Gawrychowski and J. K{\"{a}}rkk{\"{a}}inen and
               Y. Nekrich and S. J. Puglisi},
  title     = {{LZ77}-Based Self-indexing with Faster Pattern Matching},
    booktitle = {Proc. 11th Latin American Theoretical Informatics Symposium (LATIN)},
  pages     = {731--742},
  year      = {2014},
  series = "LNCS 8392"
}

@ARTICLE{ GP15,
 AUTHOR={T. Gagie and S. J. Puglisi},
TITLE={Searching and Indexing Genomic Databases via Kernelization},
JOURNAL={Frontiers in Bioengineering and Biotechnology},
VOLUME={3},
YEAR={2015},
NUMBER={12},
}

@ARTICLE
        { KN13,
          AUTHOR = "S. Kreft and G. Navarro",
          TITLE = "On Compressing and Indexing Repetitive Sequences",
          JOURNAL = "Theoretical Computer Science",
          YEAR = 2013,
          VOLUME = 483,
          PAGES = "115--133"
        }

@article{ BLRSRW15,
  author    = {P. Bille and
               G. M. Landau and
               R. Raman and
               K. Sadakane and
               S. S. Rao and
               O. Weimann},
  title     = {Random Access to Grammar-Compressed Strings and Trees},
  journal = "SIAM Journal on Computing",
  volume = 44,
  number = 3,
  pages = "513--539",
  year = 2015
}

@article{CLLPPSS05,
  author    = {M. Charikar and E. Lehman and D. Liu and R. Panigrahy and
               M. Prabhakaran and A. Sahai and A. Shelat},
  title     = {The smallest grammar problem},
  journal   = {IEEE Transactions on Information Theory},
  volume    = {51},
  number    = {7},
  year      = {2005},
  pages     = {2554--2576}
}

@ARTICLE {
        ZL77,
        AUTHOR = "J. Ziv and A. Lempel",
        TITLE = "A universal algorithm for sequential data compression",
        JOURNAL = "IEEE Transactions on Information Theory",
        VOLUME = 23,
        NUMBER = 3,
        YEAR = 1977,
        PAGES = "337--343",
        }

@article{ KY00,
  author    = {J. C. Kieffer and E.-H. Yang},
  title     = {Grammar-based codes: {A} new class of universal lossless source codes},
  journal   = {IEEE Transactions on Information Theory},
  volume    = {46},
  number    = {3},
  pages     = {737--754},
  year      = {2000},
}

@BOOK { Gus97,
        AUTHOR = "D. Gusfield",
        TITLE = "Algorithms on Strings, Trees and Sequences: Computer
                 Science and Computational Biology",
        PUBLISHER = "Cambridge University Press",
        YEAR = 1997,
        }

@book{ Ohl13,
  author    = {E. Ohlebusch},
  title     = {Bioinformatics Algorithms: Sequence Analysis, Genome Rearrangements,
               and Phylogenetic Reconstruction},
  publisher = {Oldenbusch Verlag},
  year      = {2013},
  !isbn      = {978-3000413162},
}

@book { MBCT15,
  title = "Genome-Scale Algorithm Design",
  !subtitle = "Biological Sequence Analysis in the
           Era of High-Throughput Sequencing",
  author = "V. M{\"a}kinen and D. Belazzougui and F. Cunial and A. I. Tomescu",
  publisher = "Cambridge University Press",
  year = 2015
}


% This file was created with JabRef 2.10.
% Encoding: UTF8


@Article{Abeliuk2013,
  Title                    = {Practical Compressed Suffix Trees},
  Author                   = {Andrés Abeliuk and Rodrigo Cánovas and Gonzalo
Navarro},
  Journal                  = {Algorithms},
  Year                     = {2013},
  Number                   = {2},
  Pages                    = {319-351},
  Volume                   = {6},

  Doi                      = {10.3390/a6020319},
  File                     = {Abeliuk2013.pdf:jltsiren/Abeliuk2013.pdf:PDF},
  Owner                    = {jltsiren},
  Timestamp                = {2015.04.27}
}

@Article{Abouelhoda2004,
  Title                    = {Replacing suffix trees with enhanced suffix
arrays},
  Author                   = {Mohamed Ibrahim Abouelhoda and Stefan Kurtz and
Enno Ohlebusch},
  Journal                  = {Journal of Discrete Algorithms},
  Year                     = {2004},
  Number                   = {1},
  Pages                    = {53-86},
  Volume                   = {2},

  Doi                      = {10.1016/S1570-8667(03)00065-0},
  File                     =
{Abouelhoda2004.pdf:jltsiren/Abouelhoda2004.pdf:PDF},
  Owner                    = {jltsiren},
  Timestamp                = {2009.04.30}
}

@InProceedings{Belazzougui2014,
  Title                    = {Relative {FM}-indexes},
  Author                   = {Djamal Belazzougui and Travis Gagie and Simon
Gog and Giovanni Manzini and Jouni Sirén},
  Booktitle                = {Proceedings of the 21st Symposium on String
Processing and Information Retrieval (SPIRE 2014)},
  Year                     = {2014},
  Pages                    = {52-64},
  Publisher                = {Springer},
  Series                   = {LNCS},
  Volume                   = {8799},

  Doi                      = {10.1007/978-3-319-11918-2_6},
  File                     =
{Belazzougui2014.pdf:jltsiren/Belazzougui2014.pdf:PDF},
  Owner                    = {jltsiren},
  Timestamp                = {2014.07.04}
}

@Unpublished{Boucher2015,
  Title                    = {Relative Select},
  Author                   = {Christina Boucher and Alexander Bowe and Travis
Gagie and Giovanni Manzini and Jouni Sirén},
  Note                     = {Accepted to SPIRE},
  Year                     = {2015},

  File                     = {Boucher2015.pdf:jltsiren/Boucher2015.pdf:PDF},
  Owner                    = {jltsiren},
  Timestamp                = {2015.05.29},
  Url                      = {http://arxiv.org/abs/1506.03262}
}

@InProceedings{Brisaboa2009,
  Title                    = {Directly Adressable Variable-Length Codes},
  Author                   = {Nieves R. Brisaboa and Susana Ladra and Gonzalo
Navarro},
  Booktitle                = {Proceedings of the 16th Symposium on String
Processing and Information Retrieval (SPIRE 2009)},
  Year                     = {2009},
  Pages                    = {122-130},
  Publisher                = {Springer},
  Series                   = {LNCS},
  Volume                   = {5721},

  Doi                      = {10.1007/978-3-642-03784-9_12},
  File                     = {Brisaboa2009.pdf:jltsiren/Brisaboa2009.pdf:PDF},
  Owner                    = {jltsiren},
  Timestamp                = {2009.08.29}
}

@TechReport{Burrows1994,
  Title                    = {A block sorting lossless data compression
algorithm},
  Author                   = {Burrows, Michael and Wheeler, David J.},
  Institution              = {Digital Equipment Corporation},
  Year                     = {1994},
  Number                   = {124},

  File                     = {Burrows1994.pdf:jltsiren/Burrows1994.pdf:PDF},
  Owner                    = {jltsiren},
  Timestamp                = {2009.04.29},
  Url                      =
{http://www.hpl.hp.com/techreports/Compaq-DEC/SRC-RR-124.html}
}

@Article{Chang1994,
  Title                    = {Sublinear Approximate String Matching and
Biological Applications},
  Author                   = {W. I. Chang and E. L. Lawler},
  Journal                  = {Algorithmica},
  Year                     = {1994},
  Number                   = {4-5},
  Pages                    = {327-344},
  Volume                   = {12},

  Doi                      = {10.1007/BF01185431},
  File                     = {Chang1994.pdf:jltsiren/Chang1994.pdf:PDF},
  Owner                    = {jltsiren},
  Timestamp                = {2015.07.06}
}

@InProceedings{Ferrada2014,
  Title                    = {Relative {L}empel-{Z}iv with Constant-Time
Random Access},
  Author                   = {Héctor Ferrada and Travis Gagie and Simon Gog
and Simon J. Puglisi},
  Booktitle                = {Proceedings of the 21st Symposium on String
Processing and Information Retrieval (SPIRE 2014)},
  Year                     = {2014},
  Pages                    = {13-17},
  Publisher                = {Springer},
  Series                   = {LNCS},
  Volume                   = {8799},

  Doi                      = {10.1007/978-3-319-11918-2_2},
  File                     = {Ferrada2014.pdf:jltsiren/Ferrada2014.pdf:PDF},
  Owner                    = {jltsiren},
  Timestamp                = {2014.10.02}
}

@Article{Ferragina2009a,
  Title                    = {Compressed text indexes: From theory to
practice},
  Author                   = {Ferragina, Paolo and González, Rodrigo and
Navarro, Gonzalo and Venturini, Rossano},
  Journal                  = {Journal of Experimental Algorithmics},
  Year                     = {2009},
  Pages                    = {1.12},
  Volume                   = {13},

  Doi                      = {http://doi.acm.org/10.1145/1412228.1455268},
  File                     =
{Ferragina2009a.pdf:jltsiren/Ferragina2009a.pdf:PDF},
  Owner                    = {jltsiren},
  Timestamp                = {2009.02.03}
}

@Article{Ferragina2005a,
  Title                    = {Indexing compressed text},
  Author                   = {Ferragina, Paolo and Manzini, Giovanni},
  Journal                  = {Journal of the ACM},
  Year                     = {2005},
  Number                   = {4},
  Pages                    = {552-581},
  Volume                   = {52},

  Doi                      = {10.1145/1082036.1082039},
  File                     =
{Ferragina2005a.pdf:jltsiren/Ferragina2005a.pdf:PDF},
  Owner                    = {jltsiren},
  Timestamp                = {2009.04.30}
}

@Article{Ferragina2007a,
  Title                    = {Compressed representations of sequences and
full-text indexes},
  Author                   = {Ferragina, Paolo and Manzini, Giovanni and
Mäkinen, Veli and Navarro, Gonzalo},
  Journal                  = {ACM Transactions on Algorithms},
  Year                     = {2007},
  Number                   = {2},
  Pages                    = {20},
  Volume                   = {3},

  Doi                      = {10.1145/1240233.1240243},
  File                     =
{Ferragina2007a.pdf:jltsiren/Ferragina2007a.pdf:PDF},
  Owner                    = {jltsiren},
  Timestamp                = {2010.12.29}
}

@Article{Fischer2009a,
  Title                    = {Faster entropy-bounded compressed suffix trees},
  Author                   = {Fischer, Johannes and Mäkinen, Veli and Navarro,
Gonzalo},
  Journal                  = {Theoretical Computer Science},
  Year                     = {2009},
  Number                   = {51},
  Pages                    = {5354-5364},
  Volume                   = {410},

  Doi                      = {10.1016/j.tcs.2009.09.012},
  File                     = {Fischer2009a.pdf:jltsiren/Fischer2009a.pdf:PDF},
  Owner                    = {jltsiren},
  Timestamp                = {2010.03.10}
}

@PhdThesis{Gog2011a,
  Title                    = {Compressed Suffix Trees: Design, Construction,
and Applications},
  Author                   = {Simon Gog},
  School                   = {Ulm University},
  Year                     = {2011},

  File                     = {Gog2011a.pdf:jltsiren/Gog2011a.pdf:PDF},
  Owner                    = {jltsiren},
  Timestamp                = {2015.04.27}
}

@InProceedings{Gog2014b,
  Title                    = {From Theory to Practice: Plug and Play with
Succinct Data Structures},
  Author                   = {Simon Gog and Timo Beller and Alistair Moffat
and Matthias Petri},
  Booktitle                = {Proceedings of the 13th International Symposium
on Experimental Algorithms (SEA 2014)},
  Year                     = {2014},
  Pages                    = {326-337},
  Publisher                = {Springer},
  Series                   = {LNCS},
  Volume                   = {8504},

  Doi                      = {10.1007/978-3-319-07959-2_28},
  Owner                    = {jltsiren},
  Timestamp                = {2014.05.03}
}

@InProceedings{Grossi2003,
  Title                    = {High-order entropy-compressed text indexes},
  Author                   = {Grossi, Roberto and Gupta, Ankur and Vitter,
Jeffrey Scott},
  Booktitle                = {Proceedings of the fourteenth annual ACM-SIAM
symposium on Discrete algorithms (SODA 2003)},
  Year                     = {2003},
  Pages                    = {841-850},
  Publisher                = {SIAM},

  File                     = {Grossi2003.pdf:jltsiren/Grossi2003.pdf:PDF},
  Owner                    = {jltsiren},
  Timestamp                = {2010.12.29}
}

@Article{Grossi2005,
  Title                    = {Compressed Suffix Arrays and Suffix Trees with
Applications to Text Indexing and String Matching},
  Author                   = {Grossi, Roberto and Vitter, Jeffrey Scott},
  Journal                  = {SIAM Journal on Computing},
  Year                     = {2005},
  Number                   = {2},
  Pages                    = {378-407},
  Volume                   = {35},

  Doi                      = {10.1137/S0097539702402354},
  File                     = {Grossi2005.pdf:jltsiren/Grossi2005.pdf:PDF},
  Owner                    = {jltsiren},
  Timestamp                = {2009.04.26}
}

@InProceedings{Kaerkkaeinen2011,
  Title                    = {Fixed Block Compression Boosting in
{FM}-Indexes},
  Author                   = {Juha Kärkkäinen and Simon J. Puglisi},
  Booktitle                = {Proceedings of the 18th Symposium on String
Processing and Information Retrieval (SPIRE 2011)},
  Year                     = {2011},
  Pages                    = {174-184},
  Publisher                = {Springer},
  Series                   = {LNCS},
  Volume                   = {7024},

  Doi                      = {10.1007/978-3-642-24583-1_18},
  File                     =
{Kaerkkaeinen2011.pdf:jltsiren/Kaerkkaeinen2011.pdf:PDF},
  Owner                    = {jltsiren},
  Timestamp                = {2011.10.08}
}

@Article{Kurtz1999,
  Title                    = {Reducing the space requirement of suffix trees},
  Author                   = {Kurtz, Stefan},
  Journal                  = {Software: Practice and Experience},
  Year                     = {1999},
  Number                   = {13},
  Pages                    = {1149-1171},
  Volume                   = {29},

  Doi                      =
{10.1002/(SICI)1097-024X(199911)29:13<1149::AID-SPE274>3.0.CO;2-O},
  File                     = {Kurtz1999.pdf:jltsiren/Kurtz1999.pdf:PDF},
  Owner                    = {jltsiren},
  Timestamp                = {2010.01.10}
}

@InProceedings{Kuruppu2010,
  Title                    = {Relative {L}empel-{Z}iv Compression of Genomes
for Large-Scale Storage and Retrieval},
  Author                   = {Kuruppu, Shanika and Puglisi, Simon J. and
Zobel, Justin},
  Booktitle                = {Proceedings of the 17th Symposium on String
Processing and Information Retrieval (SPIRE 2010)},
  Year                     = {2010},
  Pages                    = {201-206},
  Publisher                = {Springer},
  Series                   = {LNCS},
  Volume                   = {6393},

  Doi                      = {10.1007/978-3-642-16321-0_20},
  File                     = {Kuruppu2010.pdf:jltsiren/Kuruppu2010.pdf:PDF},
  Owner                    = {jltsiren},
  Timestamp                = {2010.10.19}
}

@Article{Maekinen2005,
  Title                    = {Succinct suffix arrays based on run-length
encoding},
  Author                   = {Mäkinen, Veli and Navarro, Gonzalo},
  Journal                  = {Nordic Journal of Computing},
  Year                     = {2005},
  Number                   = {1},
  Pages                    = {40-66},
  Volume                   = {12},

  File                     =
{Maekinen2005.ps:jltsiren/Maekinen2005.ps:PostScript},
  Owner                    = {jltsiren},
  Timestamp                = {2007.12.03}
}

@Article{Manber1993,
  Title                    = {Suffix Arrays: A New Method for On-Line String
Searches},
  Author                   = {Udi Manber and Gene Myers},
  Journal                  = {SIAM Journal on Computing},
  Year                     = {1993},
  Number                   = {5},
  Pages                    = {935-948},
  Volume                   = {22},

  Doi                      = {10.1137/0222058},
  File                     = {Manber1993.pdf:jltsiren/Manber1993.pdf:PDF},
  Owner                    = {jltsiren},
  Timestamp                = {2011.03.02}
}

@InProceedings{Navarro2014,
  Title                    = {Faster Compressed Suffix Trees for Repetitive
Text Collections},
  Author                   = {Gonzalo Navarro and Alberto Ordóñez},
  Booktitle                = {Proceedings of the 13th International Symposium
on Experimental and Efficient Algorithms (SEA 2014)},
  Year                     = {2014},
  Pages                    = {424-435},
  Publisher                = {Springer},
  Series                   = {LNCS},
  Volume                   = {8504},

  Doi                      = {10.1007/978-3-319-07959-2_36},
  File                     = {Navarro2014.pdf:jltsiren/Navarro2014.pdf:PDF},
  Owner                    = {jltsiren},
  Timestamp                = {2014.03.25}
}

@InProceedings{Navarro2014a,
  Title                    = {Fast Fully-Compressed Suffix Trees},
  Author                   = {Gonzalo Navarro and Luis M.S. Russo},
  Booktitle                = {Proceedings of the 2014 IEEE Data Compression
Conference (DCC 2014)},
  Year                     = {2014},
  Pages                    = {283-291},
  Publisher                = {IEEE},

  Doi                      = {10.1109/DCC.2014.40},
  File                     = {Navarro2014a.pdf:jltsiren/Navarro2014a.pdf:PDF},
  Owner                    = {jltsiren},
  Timestamp                = {2014.06.12}
}

@InProceedings{Ohlebusch2010,
  Title                    = {{CST++}},
  Author                   = {Ohlebusch, Enno and Fischer, Johannes and Gog,
Simon},
  Booktitle                = {Proceedings of the 17th Symposium on String
Processing and Information Retrieval (SPIRE 2010)},
  Year                     = {2010},
  Pages                    = {322-333},
  Publisher                = {Springer},
  Series                   = {LNCS},
  Volume                   = {6393},

  Doi                      = {10.1007/978-3-642-16321-0_34},
  File                     =
{Ohlebusch2010.pdf:jltsiren/Ohlebusch2010.pdf:PDF},
  Owner                    = {jltsiren},
  Timestamp                = {2010.10.19}
}

@InProceedings{Ohlebusch2009,
  Title                    = {A Compressed Enhanced Suffix Array Supporting
Fast String Matching},
  Author                   = {Ohlebusch, Enno and Gog, Simon},
  Booktitle                = {Proceedings of the 16th Symposium on String
Processing and Information Retrieval (SPIRE 2009)},
  Year                     = {2009},
  Pages                    = {51-62},
  Publisher                = {Springer},
  Series                   = {LNCS},
  Volume                   = {5721},

  Doi                      = {10.1007/978-3-642-03784-9_6},
  File                     =
{Ohlebusch2009.pdf:jltsiren/Ohlebusch2009.pdf:PDF},
  Owner                    = {jltsiren},
  Timestamp                = {2011.05.27}
}

@InProceedings{Ohlebusch2010a,
  Title                    = {Computing Matching Statistics and Maximal Exact
Matches on Compressed Full-Text Indexes},
  Author                   = {Enno Ohlebusch and Simon Gog and Adrian Kügel},
  Booktitle                = {Proceedings of the 17th Symposium on String
Processing and Information Retrieval (SPIRE 2010)},
  Year                     = {2010},
  Pages                    = {347-358},
  Publisher                = {Springer},
  Series                   = {LNCS},
  Volume                   = {6393},

  Doi                      = {10.1007/978-3-642-16321-0_36},
  File                     =
{Ohlebusch2010a.pdf:jltsiren/Ohlebusch2010a.pdf:PDF},
  Owner                    = {jltsiren},
  Timestamp                = {2015.05.05}
}

@InProceedings{Okanohara2007,
  Title                    = {Practical Entropy-Compressed Rank/Select
Dictionary},
  Author                   = {Okanohara, Daisuke and Sadakane, Kunihiko},
  Booktitle                = {Proceedings of the Ninth Workshop on Algorithm
Engineering and Experiments (ALENEX 2007)},
  Year                     = {2007},
  Pages                    = {60-70},
  Publisher                = {SIAM},

  File                     =
{Okanohara2007.pdf:jltsiren/Okanohara2007.pdf:PDF},
  Owner                    = {jltsiren},
  Timestamp                = {2010.07.05},
  Url                      =
{http://www.siam.org/proceedings/alenex/2007/alenex07.php}
}

@Article{Raman2007,
  Title                    = {Succinct indexable dictionaries with
applications to encoding $k$-ary trees, prefix sums and multisets},
  Author                   = {Rajeev Raman and Venkatesh Raman and Srinivasa
Rao Satti},
  Journal                  = {ACM Transactions on Algorithms},
  Year                     = {2007},
  Number                   = {4},
  Pages                    = {43},
  Volume                   = {3},

  Doi                      = {10.1145/1290672.1290680},
  File                     = {Raman2007.pdf:jltsiren/Raman2007.pdf:PDF},
  Owner                    = {jltsiren},
  Timestamp                = {2014.05.03}
}

@Article{Rozowsky2011,
  Title                    = {{AlleleSeq}: analysis of allele-specific
expression and binding in a network framework},
  Author                   = {Joel Rozowsky and Alexej Abyzov and Jing Wang
and Pedro Alves and Debasish Raha and Arif Harmanci and Jing Leng and Robert
Bjornson and Yong Kong and Naoki Kitabayashi and Nitin Bhardwaj and Mark Rubin
and Michael Snyder and Mark Gerstein},
  Journal                  = {Molecular Systems Biology},
  Year                     = {2011},
  Number                   = {1},
  Pages                    = {522},
  Volume                   = {7},

  Doi                      = {10.1038/msb.2011.54},
  File                     = {Rozowsky2011.pdf:jltsiren/Rozowsky2011.pdf:PDF},
  Owner                    = {jltsiren},
  Timestamp                = {2015.05.03}
}

@Article{Russo2011,
  Title                    = {Fully compressed suffix trees},
  Author                   = {Luis M.S. Russo and Gonzalo Navarro and Arlindo
L. Oliveira},
  Journal                  = {ACM Transactions on Algorithms},
  Year                     = {2011},
  Number                   = {4},
  Pages                    = {4},
  Volume                   = {7},

  Doi                      = {10.1145/2000807.2000821},
  File                     = {Russo2011.pdf:jltsiren/Russo2011.pdf:PDF},
  Owner                    = {jltsiren},
  Timestamp                = {2015.04.27}
}

@Article{Sadakane2007,
  Title                    = {Compressed Suffix Trees with Full
Functionality},
  Author                   = {Kunihiko Sadakane},
  Journal                  = {Theory of Computing Systems},
  Year                     = {2007},
  Number                   = {4},
  Pages                    = {589-607},
  Volume                   = {41},

  Doi                      = {10.1007/s00224-006-1198-x},
  File                     = {Sadakane2007.pdf:jltsiren/Sadakane2007.pdf:PDF},
  Owner                    = {jltsiren},
  Timestamp                = {2009.09.09}
}

@Article{Sadakane2003,
  Title                    = {New text indexing functionalities of the
compressed suffix arrays},
  Author                   = {Sadakane, Kunihiko},
  Journal                  = {Journal of Algorithms},
  Year                     = {2003},
  Pages                    = {294-313},
  Volume                   = {48},

  Doi                      = {10.1016/S0196-6774(03)00087-7},
  File                     = {Sadakane2003.pdf:jltsiren/Sadakane2003.pdf:PDF},
  Owner                    = {jltsiren},
  Timestamp                = {2009.10.01}
}

@InProceedings{Siren2009,
  Title                    = {Compressed Suffix Arrays for Massive Data},
  Author                   = {Sirén, Jouni},
  Booktitle                = {Proceedings of the 16th Symposium on String
Processing and Information Retrieval (SPIRE 2009)},
  Year                     = {2009},
  Pages                    = {63-74},
  Publisher                = {Springer},
  Series                   = {LNCS},
  Volume                   = {5721},

  Doi                      = {10.1007/978-3-642-03784-9_7},
  File                     = {Siren2009.pdf:jltsiren/Siren2009.pdf:PDF},
  Owner                    = {jltsiren},
  Timestamp                = {2009.08.25}
}

@InProceedings{Weiner1973,
  Title                    = {Linear pattern matching algorithms},
  Author                   = {Weiner, Peter},
  Booktitle                = {Proceedings of the 14th Annual IEEE Symposium on
Switching and Automata Theory (FOCS 1973)},
  Year                     = {1973},
  Pages                    = {1-11},
  Publisher                = {IEEE},

  Doi                      = {10.1109/SWAT.1973.13},
  File                     = {Weiner1973.pdf:jltsiren/Weiner1973.pdf:PDF},
  Owner                    = {jltsiren},
  Timestamp                = {2011.03.02}
}
