% This file was created with JabRef 2.9.2.
% Encoding: UTF8

@TECHREPORT{BW94,
  author = {Michael Burrows and David J. Wheeler},
  title = {A block sorting lossless data compression algorithm},
  institution = {Digital Equipment Corporation},
  year = {1994},
  number = {124}
}

@ARTICLE{FGHP??,
  author = {H\'ector Ferrada and Travis Gagie and Tommi Hirvola and Simon J.
	Puglisi},
  title = {Hybrid indexes for repetitive datasets},
  journal = {Philosophical Transactions of the Royal Society A},
  note = {To appear}
}

@ARTICLE{FM05,
  author = {Paolo Ferragina and Giovanni Manzini},
  title = {Indexing compressed text},
  journal = {Journal of the ACM},
  year = {2005},
  volume = {52},
  pages = {552--581},
  number = {4}
}

@INPROCEEDINGS{Gog2014b,
  author = {Simon Gog and Timo Beller and Alistair Moffat and Matthias Petri},
  title = {From Theory to Practice: Plug and Play with Succinct Data Structures},
  booktitle = {Proceedings of the 13th International Symposium on Experimental Algorithms
	(SEA 2014)},
  year = {2014},
  note = {To appear.},
  owner = {jltsiren},
  timestamp = {2014.05.03}
}

@ARTICLE{LTPS09,
  author = {Ben Langmead and Cole Trapnell and Mihai Pop and Steven L. Salzberg},
  title = {Ultrafast and memory-efficient alignment of short {DNA} sequences
	to the human genome},
  journal = {Genome Biology},
  year = {2009},
  volume = {10},
  pages = {R25}
}

@ARTICLE{LD09,
  author = {Heng Li and Richard Durbin},
  title = {Fast and accurate short read alignment with {Burrows-Wheeler} transform},
  journal = {Bioinformatics},
  year = {2009},
  volume = {25},
  pages = {1754--1760},
  number = {14}
}

@ARTICLE{LYLLYKW09,
  author = {Ruiqiang Li and Chang Yu and Yingrui Li and Tak Wah Lam and Siu-Ming
	Yiu and Karsten Kristiansen and Jun Wang},
  title = {{SOAP2}: an improved ultrafast tool for short read alignment},
  journal = {Bioinformatics},
  year = {2009},
  volume = {25},
  pages = {1966--1967},
  number = {15}
}

@ARTICLE{MNSV10,
  author = {Veli M{\"a}kinen and Gonzalo Navarro and Jouni Sir{\'e}n and Niko
	V{\"a}lim{\"a}ki},
  title = {Storage and retrieval of highly repetitive sequence collections},
  journal = {Journal of Computational Biology},
  year = {2010},
  volume = {17},
  pages = {281--308},
  number = {3}
}

@ARTICLE{Myers99,
  author = {Eugene W. Myers},
  title = {A Fast Bit-Vector Algorithm for Approximate String Matching Based
	on Dynamic Programming},
  journal = {J. ACM},
  year = {1999},
  volume = {46},
  pages = {395-415},
  number = {3},
  bibsource = {DBLP, http://dblp.uni-trier.de},
  ee = {http://doi.acm.org/10.1145/316542.316550}
}

@ARTICLE{Myers86,
  author = {Eugene W. Myers},
  title = {An O(ND) Difference Algorithm and Its Variations},
  journal = {Algorithmica},
  year = {1986},
  volume = {1},
  pages = {251-266},
  number = {2},
  bibsource = {DBLP, http://dblp.uni-trier.de},
  ee = {http://dx.doi.org/10.1007/BF01840446}
}

@INPROCEEDINGS{Okanohara2007,
  author = {Okanohara, Daisuke and Sadakane, Kunihiko},
  title = {Practical Entropy-Compressed Rank/Select Dictionary},
  booktitle = {Proceedings of the Ninth Workshop on Algorithm Engineering and Experiments
	(ALENEX 2007)},
  year = {2007},
  pages = {60-70},
  publisher = {SIAM},
  owner = {jltsiren},
  timestamp = {2010.07.05},
  url = {http://www.siam.org/proceedings/alenex/2007/alenex07.php}
}

@ARTICLE{Raman2007,
  author = {Rajeev Raman and Venkatesh Raman and Srinivasa Rao Satti},
  title = {Succinct indexable dictionaries with applications to encoding $k$-ary
	trees, prefix sums and multisets},
  journal = {ACM Transactions on Algorithms},
  year = {2007},
  volume = {3},
  pages = {43},
  number = {4},
  doi = {10.1145/1290672.1290680},
  owner = {jltsiren},
  timestamp = {2014.05.03}
}

